<record><leader>00000cas a2200000 a 4500</leader><controlfield tag="001">11956465</controlfield><controlfield tag="008">850424d19661973ksuwr ne      0    0eng d</controlfield><datafield ind1=" " ind2=" " tag="010"><subfield code="a">sn 85029187 </subfield></datafield><datafield ind1=" " ind2=" " tag="040"><subfield code="a">KSH</subfield><subfield code="b">eng</subfield><subfield code="c">KSH</subfield><subfield code="d">NPT</subfield><subfield code="d">OCL</subfield><subfield code="d">OCLCQ</subfield></datafield><datafield ind1=" " ind2=" " tag="042"><subfield code="a">msc</subfield></datafield><datafield ind1="0" ind2="4" tag="245"><subfield code="a">The Johnson County scout.</subfield></datafield><datafield ind1="1" ind2="7" tag="246"><subfield code="a">Scout</subfield></datafield><datafield ind1=" " ind2=" " tag="260"><subfield code="a">Shawnee Mission [Shawnee], Kan. :</subfield><subfield code="b">Rose Publications,</subfield><subfield code="c">1966-1973.</subfield></datafield><datafield ind1=" " ind2=" " tag="300"><subfield code="a">8 v. :</subfield><subfield code="b">ill. ;</subfield><subfield code="c">43-58 cm.</subfield></datafield><datafield ind1=" " ind2=" " tag="310"><subfield code="a">Semiweekly,</subfield><subfield code="b">May 7, 1971-May 30, 1973</subfield></datafield><datafield ind1=" " ind2=" " tag="321"><subfield code="a">Weekly,</subfield><subfield code="b">July 28, 1966-May 5, 1971</subfield></datafield><datafield ind1="0" ind2=" " tag="362"><subfield code="a">Vol. 16, no. 30 (July 28, 1966)-v. 24, no. 41 (May 30, 1973).</subfield></datafield><datafield ind1=" " ind2=" " tag="752"><subfield code="a">United States</subfield><subfield code="b">Kansas</subfield><subfield code="c">Johnson</subfield><subfield code="d">Shawnee.</subfield></datafield><datafield ind1="0" ind2="0" tag="780"><subfield code="t">Northeast Johnson County scout</subfield><subfield code="w">(DLC)sn 85029980</subfield></datafield><datafield ind1="0" ind2="0" tag="785"><subfield code="t">Johnson county sun</subfield><subfield code="w">(DLC)sn 85029188</subfield></datafield></record>